@book{flanagan2016javascript,
  title     = {JavaScript: The Definitive Guide},
  author    = {David Flanagan},
  year      = {2016},
  edition   = {7th},
  publisher = {O'Reilly Media},
  address   = {Sebastopol, CA},
  isbn      = {9781491952016},
  url       = {https://www.oreilly.com/library/view/javascript-the-definitive/9781491952016/},
}

@book{haverbeke2018eloquent,
  title     = {Eloquent JavaScript: A Modern Introduction to Programming},
  author    = {Marijn Haverbeke},
  year      = {2018},
  edition   = {3rd},
  publisher = {No Starch Press},
  address   = {San Francisco, CA},
  isbn      = {9781593279509},
  url       = {https://eloquentjavascript.net/},
}
